% Encoding: UTF-8

@Book{Kadry2013,
  title     = {Diagnostics and Prognostics of Engineering Systems},
  publisher = {{IGI} Global},
  year      = {2013},
  editor    = {Seifedine Kadry},
  doi       = {10.4018/978-1-4666-2095-7},
}

@Article{Fu2004,
  author    = {C. Fu and L. Ye and Y. Liu and R. Yu and B. Iung and Y. Cheng and Y. Zeng},
  title     = {Predictive Maintenance in Intelligent-Control-Maintenance-Management System for Hydroelectric Generating Unit},
  journal   = {{IEEE} Transactions on Energy Conversion},
  year      = {2004},
  volume    = {19},
  number    = {1},
  pages     = {179--186},
  month     = {mar},
  doi       = {10.1109/tec.2003.816600},
  publisher = {Institute of Electrical and Electronics Engineers ({IEEE})},
}

@Article{Shin2015,
  author    = {Jong-Ho Shin and Hong-Bae Jun},
  title     = {On condition based maintenance policy},
  journal   = {Journal of Computational Design and Engineering},
  year      = {2015},
  volume    = {2},
  number    = {2},
  pages     = {119--127},
  month     = {apr},
  doi       = {10.1016/j.jcde.2014.12.006},
  publisher = {Elsevier {BV}},
}

@Article{Tsui2015,
  author    = {Kwok L. Tsui and Nan Chen and Qiang Zhou and Yizhen Hai and Wenbin Wang},
  title     = {Prognostics and Health Management: A Review on Data Driven Approaches},
  journal   = {Mathematical Problems in Engineering},
  year      = {2015},
  volume    = {2015},
  pages     = {1--17},
  doi       = {10.1155/2015/793161},
  publisher = {Hindawi Limited},
}

@InProceedings{Tinga2014,
  author    = {Tinga, Tiedo and Loendersloot, Richard},
  title     = {Aligning PHM, SHM and CBM by understanding the physical system failure behaviour},
  booktitle = {European Conference of the Prognostics and Health Management Society 2014},
  year      = {2014},
  month     = {07},
}

@TechReport{ISO2015,
  author      = {ISO/IEC 2382:2015},
  title       = {Information technology â€” Vocabulary},
  institution = {International Organization for Standardization},
  year        = {2015},
  type        = {Standard},
  address     = {Geneva, CH},
  url         = {https://www.iso.org/standard/63598.html},
}

@Conference{Telford2011,
  author    = {Samuel Telford, Muhammad Ilyas Mazhar and Ian Howard},
  title     = {Condition Based Maintenance (CBM) in the Oil and Gas Industry: An Overview of Methods and Techniques},
  booktitle = {Proceedings of the 2011 International Conference on Industrial Engineering and Operations Management},
  year      = {2011},
}

@Misc{Eriksen2016,
  author       = {Leif Eriksen},
  title        = {The Impact of Digital on Unplanned Downtime},
  howpublished = {GE Digital},
  month        = oct,
  year         = {2016},
  publisher    = {GE Digital},
}

@Article{Lei2018,
  author    = {Yaguo Lei and Naipeng Li and Liang Guo and Ningbo Li and Tao Yan and Jing Lin},
  title     = {Machinery health prognostics: A systematic review from data acquisition to {RUL} prediction},
  journal   = {Mechanical Systems and Signal Processing},
  year      = {2018},
  volume    = {104},
  pages     = {799--834},
  month     = {may},
  doi       = {10.1016/j.ymssp.2017.11.016},
  publisher = {Elsevier {BV}},
}

@Article{Cubillo2016,
  author    = {Adrian Cubillo and Suresh Perinpanayagam and Manuel Esperon-Miguez},
  title     = {A review of physics-based models in prognostics: Application to gears and bearings of rotating machinery},
  journal   = {Advances in Mechanical Engineering},
  year      = {2016},
  volume    = {8},
  number    = {8},
  pages     = {168781401666466},
  month     = {aug},
  doi       = {10.1177/1687814016664660},
  publisher = {{SAGE} Publications},
}

@PhdThesis{Mangili2013,
  author = {Francesca Mangili},
  title  = {Development of advanced computational methods for prognostics and health management in energy components and systems},
  school = {Politecnico di Milano},
  year   = {2013},
  month  = mar,
  url    = {http://hdl.handle.net/10589/74461},
}

@Article{Si2011,
  author    = {Xiao-Sheng Si and Wenbin Wang and Chang-Hua Hu and Dong-Hua Zhou},
  title     = {Remaining useful life estimation {\textendash} A review on the statistical data driven approaches},
  journal   = {European Journal of Operational Research},
  year      = {2011},
  volume    = {213},
  number    = {1},
  pages     = {1--14},
  month     = {aug},
  doi       = {10.1016/j.ejor.2010.11.018},
  publisher = {Elsevier {BV}},
}

@Misc{Hinton20121a,
  author       = {Geoffrey Hinton},
  title        = {Lecture 1a: Why do we need machine learning?},
  howpublished = {Lecture Notes},
  year         = {2012},
}

@Comment{jabref-meta: databaseType:bibtex;}
